
% Books

@book{korf1996artificial,
  title={Artificial intelligence search algorithms},
  author={Korf, Richard E},
  year={1996},
  publisher={Computer Science Department, University of California},
  chapter={3},
  pages = {5-7}
}

@book{kanal2012search,
  title={Search in artificial intelligence},
  author={Kanal, Leveen and Kumar, Vipin},
  year={2012},
  publisher={Springer Science \& Business Media},
  chapter = {1},
  pages = {29-30}
}

@book{russell2016artificial,
  title={Artificial intelligence: a modern approach},
  author={Russell, Stuart J and Norvig, Peter},
  year={2016},
  publisher={Malaysia; Pearson Education Limited,}
}

@book{koditschek1987quadratic,
  title={Quadratic Lyapunov functions for mechanical systems},
  author={Koditschek, Daniel E},
  year={1987},
  publisher={Yale University}
}

@book{lynch2017modern,
  title={Modern Robotics},
  author={Lynch, Kevin M and Park, Frank C},
  year={2017},
  publisher={Cambridge University Press},
  chapter = {1},
  pages = {1}
}


@book{braunl_embedded_2013,
    title = {Embedded Robotics: Mobile Robot Design and Applications with Embedded Systems},
    isbn = {978-3-662-05099-6},
    shorttitle = {Embedded Robotics},
    pagetotal = {428},
    publisher = {Springer Science \& Business Media},
    author = {Br√§unl, Thomas},
    year = 2013,
    langid = {english},
    keywords = {Computers / Computer Graphics, Computers / Expert Systems, Computers / Intelligence ({AI}) \& Semantics, Computers / Optical Data Processing, Technology \& Engineering / Automation, Technology \& Engineering / Manufacturing, Technology \& Engineering / Robotics}
}


@book{rashid2010power,
  title={Power Electronics Handbook: Devices, Circuits and Applications},
  author={Rashid, M.H. and Afridi, K. and Alonso, J.M. and Batarseh, I. and Bryant, A. and Carrasco, J. and Chaar, L. and Chattopadhyay, A.K. and Chow, M. and Chung, H.S.H. and others},
  isbn={9780080467658},
  series={Engineering},
  url={https://books.google.co.uk/books?id=41-7BMFjnnsC},
  year={2010},
  publisher={Elsevier Science},
  chapter = {15.2},
  pages = {355 -- 359}
}

@book{cormen2009introduction,
  title={Introduction to algorithms},
  author={Cormen, Thomas H and Leiserson, Charles E and Rivest, Ronald L and Stein, Clifford},
  year={2009},
  publisher={MIT press},
  chapter = {22.2},
  pages = {531 -539}
}

@book{CVBallard,
    title = {Computer Vision},
    isbn = {0-13-165316-4},
    pagetotal = {428},
    publisher = {Prentice Hall},
    author = { Dana H. Ballard; Christopher M. Brown },
    year = 1982,
    langid = {english},
    pages = {xiii}
}

@book{chen2007linear,
  title={Linear feedback control: analysis and design with MATLAB},
  author={Chen, YangQuan and Atherton, Derek P and others},
  volume={14},
  year={2007},
  publisher={Siam},
  chapter = {6},
  pages = {183}
}


@book{even2011graph,
  title={Graph algorithms},
  author={Even, Shimon},
  year={2011},
  publisher={Cambridge University Press},
  pages={46}
}


% Reference works



% Conference proceedings

@inproceedings{kawamura1988local,
  title={Is a local linear PD feedback control law effective for trajectory tracking of robot motion?},
  author={Kawamura, Sadao and Miyazaki, Fumio and Arimoto, Suguru},
  booktitle={Proceedings. 1988 IEEE International Conference on Robotics and Automation},
  pages={1335--1340},
  year={1988},
  organization={IEEE}
}

@inproceedings{premvuti1990consideration,
  title={Consideration on the cooperation of multiple autonomous mobile robots},
  author={Premvuti, Suparerk and Yuta, S},
  booktitle={Intelligent Robots and Systems' 90.'Towards a New Frontier of Applications', Proceedings. IROS'90. IEEE International Workshop on},
  pages={59--63},
  year={1990},
  organization={IEEE}
}


@inproceedings{barnes1991behaviour,
  title={A behaviour synthesis architecture for mobile robot control},
  author={Barnes, DP and Eustace, D},
  booktitle={Autonomous Guided Vehicles, IEE Colloquium on},
  pages={3--1},
  year={1991},
  organization={IET}
}

@inproceedings{cao1995cooperative,
  title={Cooperative mobile robotics: Antecedents and directions},
  author={Cao, Y Uny and Fukunaga, Alex S and Kahng, Andrew B and Meng, Frank},
  booktitle={Intelligent Robots and Systems 95.'Human Robot Interaction and Cooperative Robots', Proceedings. 1995 IEEE/RSJ International Conference on},
  volume={1},
  pages={226--234},
  year={1995},
  organization={IEEE}
}


@inproceedings{sahin04,
   author = {Sahin, E.},
    title = {Swarm Robotics: From Sources of Inspiration to Domains of Application},
    booktitle = {Swarm Robotics},
    year = 2004,
    pages = {10--20}
}

@inproceedings{parker95,
    author = {Parker, L. E},
    title = {The Effect of Action Recognition and Robot Awareness in Cooperative Robotic Teams},
    booktitle = {IEEE/RSJ International Conference on Intelligent Robots and Systems. Human Robot Interaction and Cooperative Robots },
    year = {1995},
    volume = {3},
    pages = {212--219}
}

@inproceedings{herbert00,
    author = {Hebert, Martial},
    year = {2000},
    month = {02},
    pages = {102--110},
    title = {Active and passive range sensing for robotics},
    volume = {1},
    booktitle = {Proceedings - IEEE International Conference on Robotics and Automation},
}

@inproceedings{FeatureBasedComparison,
  title={A Comparative Analysis of {SIFT}, {SURF}, {KAZE}, {AKAZE}, {ORB}, and {BRISK}},
  author={Tareen, Shaharyar Ahmed Khan and Saleem, Zahra},
  booktitle={Computing, Mathematics and Engineering Technologies (iCoMET), 2018 International Conference on},
  pages={1--10},
  year={2018},
  organization={IEEE}
}

@inproceedings{wensing2018cooperative,
  title={Cooperative Adaptive Control for Cloud-Based Robotics},
  author={Wensing, Patrick M and Slotine, Jean-Jacques},
  booktitle={2018 IEEE International Conference on Robotics and Automation (ICRA)},
  pages={6401--6408},
  year={2018},
  organization={IEEE}
}

@inproceedings{quigley2009ros,
  title={ROS: an open-source Robot Operating System},
  author={Quigley, Morgan and Conley, Ken and Gerkey, Brian and Faust, Josh and Foote, Tully and Leibs, Jeremy and Wheeler, Rob and Ng, Andrew Y},
  booktitle={ICRA workshop on open source software},
  volume={3},
  number={3.2},
  pages={5},
  year={2009},
  organization={Kobe, Japan}
}

@incollection{crick2017rosbridge,
  title={Rosbridge: Ros for non-ros users},
  author={Crick, Christopher and Jay, Graylin and Osentoski, Sarah and Pitzer, Benjamin and Jenkins, Odest Chadwicke},
  booktitle={Robotics Research},
  pages={493--504},
  year={2017},
  publisher={Springer}
}

@inproceedings{dobrev2012online,
  title={Online graph exploration with advice},
  author={Dobrev, Stefan and Kr{\'a}lovi{\v{c}}, Rastislav and Markou, Euripides},
  booktitle={International Colloquium on Structural Information and Communication Complexity},
  pages={267--278},
  year={2012},
  organization={Springer}
}

@incollection{klein2011pledge,
  title={Pledge's Algorithm-How to Escape from a Dark Maze},
  author={Klein, Rolf and Kamphans, Tom},
  booktitle={Algorithms Unplugged},
  pages={69--75},
  year={2011},
  publisher={Springer}
}

@incollection{garlan1993introduction,
  title={An introduction to software architecture},
  author={Garlan, David and Shaw, Mary},
  booktitle={Advances in software engineering and knowledge engineering},
  pages={1--39},
  year={1993},
  publisher={World Scientific}
}

% Journal articles

@article{saridis1983intelligent,
  title={Intelligent robotic control},
  author={Saridis, George},
  journal={IEEE Transactions on Automatic Control},
  volume={28},
  number={5},
  pages={547--557},
  year={1983},
  publisher={IEEE}
}


@article{ziegler1942optimum,
  title={Optimum settings for automatic controllers},
  author={Ziegler, John G and Nichols, Nathaniel B},
  journal={trans. ASME},
  volume={64},
  number={11},
  year={1942}
}

@article{aastrom2004revisiting,
  title={Revisiting the Ziegler--Nichols step response method for PID control},
  author={{\AA}str{\"o}m, Karl Johan and H{\"a}gglund, Tore},
  journal={Journal of process control},
  volume={14},
  number={6},
  pages={635--650},
  year={2004},
  publisher={Elsevier}
}

@article{read2005early,
  title={Early computational processing in binocular vision and depth perception},
  author={Read, Jenny},
  journal={Progress in biophysics and molecular biology},
  volume={87},
  number={1},
  pages={77--108},
  year={2005},
  publisher={Elsevier}
}
@article{kam1997sensorfusion,
    title={Sensor fusion for mobile robot navigation},
    author={Kam, Moshe and Zhu, Xiaoxun and Kalata, Paul},
    journal={Proceedings of the IEEE},
    volume={85},
    number={1},
    pages={108--119},
    year={1997},
    publisher={IEEE}
}

@article{fox2003bayesian,
    title={Bayesian filtering for location estimation},
    author={Fox, Dieter and Hightower, Jeffrey and Liao, Lin and Schulz, Dirk and Borriello, Gaetano},
    journal={IEEE pervasive computing},
    number={3},
    pages={24--33},
    year={2003},
    publisher={IEEE}
}

@article{beckers1994local,
  title={From local actions to global tasks: Stigmergy and collective robotics},
  author={Beckers, Ralph and Holland, OE and Deneubourg, Jean-Louis},
  year={1994},
  publisher={Citeseer}
}

@article{CVpaoletti2018new,
  title={A new deep convolutional neural network for fast hyperspectral image classification},
  author={Paoletti, ME and Haut, JM and Plaza, J and Plaza, A},
  journal={ISPRS Journal of Photogrammetry and Remote Sensing},
  volume={145},
  pages={120--147},
  year={2018},
  publisher={Elsevier}
}
@article{CVho2006loop,
  title={Loop closure detection in SLAM by combining visual and spatial appearance},
  author={Ho, Kin Leong and Newman, Paul},
  journal={Robotics and Autonomous Systems},
  volume={54},
  number={9},
  pages={740--749},
  year={2006},
  publisher={Elsevier}
}


@article{dudek96,
    author = {Dudek, G and Jenkin, M. R. M and Milios, E and Wilkes, D},
    title = {A Taxonomy for Multi-agent Robotics},
    journal = {Autonomous Robots},
    year = {1996},
    volume = {3},
    number = {4},
    pages = {375--397},
    month = {dec}
}

@article{khan18,
    author = {Khan, A and Rinner, B and Cavallaro, A},
    title = {Cooperative Robots to Observe Moving Targets: Review},
    journal = {IEEE Transactions on Cybernetics},
    year = {2018},
    volume = {48},
    number = {1},
    pages = {187--198},
    month = {jan}
}

@article{jimenez18,
    author = {Pliego-Jimenez, J and Arteaga-Perez, M},
    title = {Telemanipulation of Cooperative Robots: A case of study},
    journal = {International Journal of Control},
    year = {2018},
    volume = {91},
    number = {6},
    pages = {1284--1299}
}

@article{cadena2016past,
  title={Past, present, and future of simultaneous localization and mapping: Toward the robust-perception age},
  author={Cadena, Cesar and Carlone, Luca and Carrillo, Henry and Latif, Yasir and Scaramuzza, Davide and Neira, Jos{\'e} and Reid, Ian and Leonard, John J},
  journal={IEEE Transactions on Robotics},
  volume={32},
  number={6},
  pages={1309--1332},
  year={2016},
  publisher={IEEE}
}

@article{grisetti2010tutorial,
  title={A tutorial on graph-based SLAM},
  author={Grisetti, Giorgio and Kummerle, Rainer and Stachniss, Cyrill and Burgard, Wolfram},
  journal={IEEE Intelligent Transportation Systems Magazine},
  volume={2},
  number={4},
  pages={31--43},
  year={2010},
  publisher={IEEE}
}

@article{huang2007convergence,
  title={Convergence and consistency analysis for extended Kalman filter based 		         SLAM},
  author={Huang, Shoudong and Dissanayake, Gamini},
  journal={IEEE Transactions on robotics},
  volume={23},
  number={5},
  pages={1036--1049},
  year={2007},
  publisher={IEEE}
}

@article{montemerlo2002fastslam,
  title={FastSLAM: A factored solution to the simultaneous localization and mapping problem},
  author={Montemerlo, Michael and Thrun, Sebastian and Koller, Daphne and Wegbreit, Ben and others},
  journal={Aaai/iaai},
  volume={593598},
  year={2002}
}

@article{montemerlo2007fastslam,
  title={FastSLAM 2.0},
  author={Montemerlo, Michael and Thrun, Sebastian},
  journal={FastSLAM: A scalable method for the simultaneous localization and mapping problem in robotics},
  pages={63--90},
  year={2007},
  publisher={Springer}
}

@article{xu2007improved,
  title={An improved Dijkstra‚Äôs shortest path algorithm for sparse network},
  author={Xu, MH and Liu, YQ and Huang, QL and Zhang, YX and Luan, GF},
  journal={Applied Mathematics and Computation},
  volume={185},
  number={1},
  pages={247--254},
  year={2007},
  publisher={Elsevier}
}

@article{fredman1987fibonacci,
  title={Fibonacci heaps and their uses in improved network optimization algorithms},
  author={Fredman, Michael L and Tarjan, Robert Endre},
  journal={Journal of the ACM (JACM)},
  volume={34},
  number={3},
  pages={596--615},
  year={1987},
  publisher={ACM}
}

@article{rajesh2015congestion,
  title={Congestion control in heterogeneous WANET using FRCC},
  author={Rajesh, M and Gnanasekar, JM},
  journal={Journal of Chemical and Pharmaceutical Sciences ISSN},
  volume={974},
  pages={2115},
  year={2015}
}

% Theses


% Online resources
@online{robotdef,
	author = {Oxford Dictionaries},
	title = {robot | Defintion of robot in English by Oxford Dictionaries},
	urldate = {2019-03-21},
	organization = {Oxford Dictionaries},
	url = {https://en.oxforddictionaries.com/definition/robot}
} 

@online{roboticsdef,
	author = {Merriam-Webster},
	title = {Robotics | Defintion of Robotics by Merriam-Webster},
	urldate = {2019-03-21},
	organization = {Merriam-Webster},
	url = {https://www.merriam-webster.com/dictionary/robotics}
} 

@online{pololupower,
	author = {Pololu},
	title = {Motor Driver and Power Distribtuion Board for {Romi} Chassis},
    urldate = {2019-03-23},
    organization = {Pololu},
	url = {https://www.pololu.com/product/3543/resources}
}

@online{texasdrivers,
	author = {{Texas Instruments}},
	title = {{DRV8838} 1.8{A} Low Voltage Brushed {DC} Motor Driver},
    urldate = {2019-03-23},
    organization = {Texas Instruments},
	url = {http://www.ti.com/product/DRV8838/description}
}
@online{mpbuck,
	author = {{Mouser Electronics}},
	title = {{MP4423H}                                                                   High Efficiency 3{A}, 36{V}, Synchronous Step Down Converter},
    organization = {Mouser Electronics},
    urldate = {2019-03-23},
	url = {https://www.mouser.com/datasheet/2/277/MP4423H_r1.0-1384319.pdf}
}

@online{pololuchassis,
    author = {Pololu},
    title = {{Romi} Chassis Kits},
    url = {https://www.pololu.com/category/203/romi-chassis-kits},
    organization = {Pololu},
    urldate = {2019-03-19}
}

@online{pololudriver,
    author = {Pololu},
    title = {Motor Driver and Power Distribution Board for {Romi} Chassis},
    url = {https://www.pololu.com/product/3543},
    organization = {Pololu},
    urldate = {2019-03-19}
}

@online{pololuencoder,
    author = {Pololu},
    title = {{Romi} Encoder Pair Kit, 12 {CPR}, 3.5-18{V}},
    url = {https://www.pololu.com/product/3542},
    organization = {Pololu},
    urldate = {2019-03-19}
}

@online{bbcthailand,
    author = {Helier Cheung and Tessa Wong},
    title = {The full story of {Thailand's} extraordinary cave rescue},
    url = {https://www.bbc.co.uk/news/world-asia-44791998},
    organization = {BBC News},
    urldate = {2019-04-03}
}

@online{aboutROS,
    author = {ROS},
    title = {About {ROS}},
    url = {http://www.ros.org/about-ros/},
    urldate = {2019-03-12},
    organization = {ROS}
}

@online{rosForMe,
    author = {ROS},
    title = {Is {ROS} For Me?},
    url = {http://www.ros.org/is-ros-for-me/},
    organization = {ROS},
    urldate = {2019-03-12}
}

@online{aboutYARP,
    author = {YARP},
    title = {Welcome to {YARP}},
    url = {https://www.yarp.it/index.html},
    organization = {YARP},
    urldate = {2019-03-13}
}

@online{exactlyIsYARP,
    author = {YARP},
    title = {What exactly is {YARP}?},
    url = {https://www.yarp.it/what_is_yarp.html},
    organization = {YARP},
    urldate = {2019-03-13}
}

@online{wallFollowerArcBotics,
    author = {ArcBotics},
    title = {Maze Solving},
    url = {http://arcbotics.com/lessons/maze-solving-home-lessons/},
    organization = {ArcBotics},
    urldate = {2019-03-20}
}

@online{catkin,
    author = {Dirk Thomas and others},
    title = {Catkin documentation---{ROS} Wiki},
    url = {http://wiki.ros.org/catkin},
    organization = {ROS},
    urldate = {2019-03-29},
    year = {2017},
    month = {July},
    date = {26}
}

@online{gitcatkin,
    author = {Dirk Thomas and others},
    title = {Catkin: A {CMake}-based build system that is used to build all packages in {ROS}},
    url = {https://github.com/ros/catkin},
    organization = {GitHub},
    urldate = {2019-03-29}
}

@online{lidar,
    author = {LiDAR UK},
    title = {How does {LiDAR} work?},
    url = {http://www.lidar-uk.com/how-lidar-works/},
    organization = {LiDAR UK},
    urldate = {2019-3-27}
}

@online{python2-eol,
    author = {Benjamin Peterson},
    title = {{PEP} 373---{Python} 2.7 Release Schedule},
    url = {https://www.python.org/dev/peps/pep-0373/},
    urldate = {2019-04-08},
    year = {2008},
    date = {3},
    month = {November}
}

@online{medium-ros-python3,
    author = {{User Beta\_b0t}},
    title = {How to setup {ROS} with {Python} 3},
    url = {https://medium.com/@beta_b0t/how-to-setup-ros-with-python-3-44a69ca36674},
    organization = {Medium},
    urldate = {2019-04-08},
    year = {2019},
    date = {27},
    month = {February}
}

@online{ros2,
    author = {Michel Hidalgo and others},
    title = {{ROS} 2 Overview},
    url = {https://index.ros.org/doc/ros2/},
    urldate = {2019-04-08},
    organization = {ROS},
    year = {2019},
    date = {5},
    month = {April}
}

@online{multiconnectionServer,
author = {Nathan Jennings},
title = {Socket Programming in Python: Multi-Connection Server},
url = {https://realpython.com/python-sockets/#multi-connection-client-and-server},
urldate = {2019-03-22}
}

@online{socketServerDocs,
title = {SocketServer - A framework for network servers},
author = {Python Documentation},
url = {https://docs.python.org/2/library/socketserver.html},

    urldate = {2019-03-16}
}

@online{ROSIMUMsg,
title = {ROS Kinetic API - IMU Message},
author = {ROS Documentation},
url = {https://http://docs.ros.org/kinetic/api/sensor_msgs/html/msg/Imu.html},

    urldate = {2019-04-11}
}


@online{ROSHeaderMsg,
title = {ROS Kinetic API - Header Message},
author = {ROS Documentation},
url = {http://docs.ros.org/kinetic/api/std_msgs/html/msg/Header.html},

    urldate = {2019-04-11}
}

@online{diffdrivelib,
title = {differential-drive - ROS Wiki},
author = {Jon Stephan},
url = {http://wiki.ros.org/differential_drive},
urldate = {2019-03-19}
}

% Technical Reports
@techreport{pfautz2002depth,
  title={Depth perception in computer graphics},
  author={Pfautz, Jonathan David},
  year={2002},
  institution={University of Cambridge, Computer Laboratory}
}


% Datasheets
@manual{HCSR04datasheet,
organization  = "ElecFreaks",
    title         = "Ultrasonic Ranging Module HC - SR04",
    url 		  = "https://cdn.sparkfun.com/datasheets/Sensors/Proximity/HCSR04.pdf"
    }

@manual{MPU6050Datasheet,
    organization  = "InvenSense",
    title         = "MPU-6000 and MPU-6050
Product Specification",
    number        = "PS-MPU-6000A-00",
    year          =  2013,
    month         =  06,
    note          = "Rev. 3.4"
}
